1111111111111111111111111111111111111111111111111111111111111111
1000000000000000000000000000000000000000000000000000000000000001
1000000000000000000000000000000000000000000000000000000000000001
1000000000000000000000000000000000000000000000000000000000000001
1111110000000000000000000000000000210002210001220000000000111111
1100000000000000000000002200000000210021112002222200000000000011
1000000000000000000002211120000022122211111112111200000000000001
1000000000000011222222111122222222221100011111100111000000000001
1000000000111111111100000000111122200000000000000000000000000001
1000000000011111000000000000000000000000000000000000000000000001
1000000000000000000000000000000000000000000000000000000000000001
1000000000000000000000002000000000000000000000000000000000000221
1000000000000000000000001000000000000000000000000002200000000221
1221100000000222222000001222222000000000000000000002200000100111
1321222000000212122222122222122200000000000000000022100000111111
1113211100000313000111231122333222000000000000222212220000222223
3330003000021133000000003331111112222200000122222112210000122111
1000000000000000000000000000000022330000000002133333111000113311
1000000000000000000000000000000003300000000000011133300000001331
3000000000000000000000000000000000000000000000000000000000000003
3000000330000000000000000000000000000000000000000000000000000003
3300000330000000000000000000000000000000111000000000000000000003
3311300330000000000000000000000000000000000000000000000321123333
3331100313332233000001300000000000000000000000000000011221333033
3332113331133111300003133112220000000000000000000011133003300003
3311133330001333300031113333133300000000000000000000000000000003
3333330000000311000000333333310000000000000000000000000000000003
3000000000000000000000000000000000000100000000000000000000000003
3000000000000000000000000000000000001300000000000000000000000003
3000000000000000000000000000000000113333130000000311300300000003
3000000000000000000000000000000000333300313133100133331330000003
3000000000000000003300000000000033330000013303333330033113133003
3000000000000000003300000000000000000000000000000000000000000003
3310000000000000011300010000000000000000000000000000000000000003
3331000000000331313300331000000000000033000000000000000000000003
3333333333333333333333333333333333333333333333333333333333333333